<?xml version="1.0" encoding="UTF-8"?><collection xmlns="http://www.loc.gov/MARC21/slim"><record><leader>00711nam--2200181-u-4500</leader><controlfield tag="001">000052692</controlfield><controlfield tag="002">20161230</controlfield><controlfield tag="005">20161230201050</controlfield><controlfield tag="008">101002s1000------------r-----000-0-eng-d</controlfield><datafield ind1=" " ind2=" " tag="040"><subfield code="a">IFIN-HH</subfield></datafield><datafield ind1=" " ind2=" " tag="080"><subfield code="a">621.039.61:533.9(061.3)</subfield></datafield><datafield ind1="1" ind2=" " tag="110"><subfield code="a">Association Europen Atomic Energy Community - EURATOM, Commissatiat a l'Energie Atomique - CEA</subfield></datafield><datafield ind1="1" ind2="0" tag="245"><subfield code="a">Proccedings of the 7th Symposium on Fusion Technology, Grenoble (France), October 24-27, 1972</subfield><subfield code="b">Organized by Commissatiat a l'Energie Atomique, Departement de la Physique du Plasma et de la Fusion Controlee, Grenoble</subfield></datafield><datafield ind1=" " ind2=" " tag="260"><subfield code="a">Luxembourg</subfield><subfield code="b">Cec</subfield><subfield code="c">1972</subfield></datafield><datafield ind1=" " ind2=" " tag="300"><subfield code="a">475 p</subfield></datafield><datafield ind1=" " ind2=" " tag="490"><subfield code="a">Proccedings</subfield></datafield><datafield ind1=" " ind2=" " tag="852"><subfield code="a">77230</subfield><subfield code="c">533.9</subfield></datafield><datafield ind1=" " ind2=" " tag="CAT"><subfield code="a">Sys</subfield><subfield code="c">20101002</subfield><subfield code="h">164327</subfield></datafield></record></collection>